@article{multitask2018,
  title={The effect of social media multitasking on classroom performance},
  author={Demirbilek, Muhammet and Talan, Tarik},
  journal={Active Learning in Higher Education},
  volume={19},
  number={2},
  pages={117--129},
  year={2018},
  publisher={SAGE Publications Sage UK: London, England}
}


@article{chen2024effect,
  title={The Effect of Playback Speed and Distractions on the Comprehension of Audio and Audio-Visual Materials},
  author={Chen, Ashley and Kumar, Suchita E and Varkhedi, Rhea and Murphy, Dillon H},
  journal={Educational Psychology Review},
  volume={36},
  number={3},
  pages={79},
  year={2024},
  publisher={Springer}
}

@article{outlier1,
  title={Best-practice recommendations for defining, identifying, and handling outliers},
  author={Aguinis, Herman and Gottfredson, Ryan K and Joo, Harry},
  journal={Organizational research methods},
  volume={16},
  number={2},
  pages={270--301},
  year={2013},
  publisher={Sage Publications Sage CA: Los Angeles, CA}
}